% ------------------------------------------------------------------------
% --- CACHE -------------------------------------------------------
% ------------------------------------------------------------------------
@misc{cache,
  key       = {cache},
  author  = {Mozilla Developer Network},
  title       = {Browser storage limits and eviction criteria},
  howpublished  = {\url{https://developer.mozilla.org/en-US/docs/Web/API/IndexedDB_API/Browser_storage_limits_and_eviction_criteria}},
  note        = {Zugriff: 05.07.2018}
}
@misc{appcache,
  key       = {appcache},
  author  = {Mozilla Developer Network},
  title       = {Using the application cache},
  howpublished  = {\url{https://developer.mozilla.org/en-US/docs/Web/HTML/Using_the_application_cache}},
  note        = {Zugriff: 05.05.2018},
  year       = {2018},
}
@misc{noappcache,
  key       = {noappcache},
  author  = {Jake Archibald},
  year      = {2012},
  title       = {Application Cache is a Douchebag},
  howpublished  = {\url{http://alistapart.com/article/application-cache-is-a-douchebag}},
  note        = {Zugriff: 06.05.2018},
}
@misc{serviceworker,
  key       = {serviceworker},
  author  = {Matt Gaunt},
  year      = {2018},
  title       = {Service Workers: an Introduction},
  howpublished  = {\url{https://developers.google.com/web/fundamentals/primers/service-workers/}},
  note        = {Zugriff: 06.05.2018},
}
@misc{caniuse-sw,
  key       = {caniuse-sw},
  title       = {Can I use Service Workers?},
  howpublished  = {\url{https://caniuse.com/\#feat=serviceworkers}},
  note        = {Zugriff: 06.05.2018}
}
@misc{caniuse-ws,
  key       = {caniuse-ws},
  title       = {Can I use Web Storage?},
  howpublished  = {\url{https://caniuse.com/\#feat=feat=namevalue-storage}},
  note        = {Zugriff: 06.06.2018}
}
% ------------------------------------------------------------------------
% --- USERDATA -------------------------------------------------
% ------------------------------------------------------------------------
@misc{webstorage,
  key       = {webstorage},
  title       = {Web Storage API},
  howpublished  = {\url{https://developer.mozilla.org/en-US/docs/Web/API/Web_Storage_API}},
  note        = {Zugriff: 06.06.2018}
}
@article{webstorage-con,
  author  = {Chris Heilman},
  title       = {There is no simple solution for local storage},
  journal  = {Mozilla HACKS},
  year      = {2012},
  month   = {3},
  howpublished  = {\url{https://hacks.mozilla.org/2012/03/there-is-no-simple-solution-for-local-storage/}},
  note      = {Zugriff: 12.06.2018}
}
@misc{websql,
  key       = {websql},
  title       = {Web SQL Database},
  howpublished  = {\url{https://www.w3.org/TR/webdatabase/}},
  note        = {Zugriff: 26.06.2018}
}
@misc{caniuse-websql,
  key       = {caniuse-websql},
  title       = {Can I use Web SQL Database?},
  howpublished  = {\url{https://caniuse.com/\#feat=sql-storage}},
  note        = {Zugriff: 26.06.2018}
}
@misc{idb,
  key       = {idb},
  title       = {IndexedDB},
  howpublished  = {\url{https://developer.mozilla.org/de/docs/IndexedDB}},
  note        = {Zugriff: 01.07.2018}
}
@misc{idb2,
  key       = {idb2},
  title       = {Indexed Database API 2.0},
  howpublished  = {\url{https://www.w3.org/TR/IndexedDB-2/}},
  note        = {Zugriff: 01.07.2018}
}
% idb changelog: http://www.sdknews.com/firefox-os/whats-new-in-indexeddb-2-0
@misc{idb3,
  key       = {idb3},
  title       = {Indexed Database API 3.0},
  howpublished  = {\url{https://w3c.github.io/IndexedDB/}},
  note        = {Zugriff: 01.07.2018}
}
@misc{caniuse-idb,
  key       = {caniuse-idb},
  title       = {Can I use IndexedDB?},
  howpublished  = {\url{https://caniuse.com/\#search=indexedDB}},
  note        = {Zugriff: 06.06.2018}
}
@misc{localforage,
  key       = {localforage},
  title       = {localForage -- Offline storage, improved.},
  howpublished  = {\url{https://localforage.github.io/localForage/}},
  note        = {Zugriff: 26.06.2018}
}
% -------------------------------------------------------------------------------
%  COUCH   --------------------------------------------------------------
% -------------------------------------------------------------------------------
@misc{couch,
  key       = {couch},
  title       = {CouchDB -- relax},
  howpublished  = {\url{https://couchdb.apache.org/}},
  note        = {Zugriff: 12.04.2018}
}
@misc{couch_replication,
  key       = {couch_replication},
  title       = {CouchDB Replication Protocol},
  howpublished  = {\url{http://docs.couchdb.org/en/master/replication/protocol.html}},
  note        = {Zugriff: 12.04.2018}
}
@book{couchDB,
  key         = {couchDB},
  title         = {CouchDB: The Definitive Guide},
  author      = {J. Chris Anderson and Jan Lenhardt and Noah Slater},
  publisher = {Oâ€™Reilly Media},
  address  = {Sebastopol, CA},
  isbn        = {978-0-596-15589-6},
  year        = {2010},
  note        = {\url{oreilly.com}}
}
@misc{pouch,
  key       = {pouch},
  title       = {pouchdb -- Tha Database that Syncs!},
  howpublished  = {\url{https://pouchdb.com/learn.html}},
  note        = {Zugriff: 12.04.2018}
}
@misc{pouch_conflicts,
  key       = {pouch_conflicts},
  title       = {pouchdb -- Conflicts},
  howpublished  = {\url{https://pouchdb.com/guides/conflicts.html}},
  note        = {Zugriff: 12.04.2018}
}
@misc{pouch_options,
  key       = {pouch_options},
  title       = {Replicate a database},
  howpublished  = {\url{https://pouchdb.com/api.html\#replication}},
  note        = {Zugriff: 28.06.2018}
}
@misc{couch_what,
  key       = {pouch_what},
  title       = {Couchbase, CouchDB, Couch-what?},
  howpublished  = {\url{https://pouchdb.com/guides/\#couchbase-couchdb-couch-what}},
  note        = {Zugriff: 02.07.2018}
}
% -------------------------------------------------------------------
% ---- KONFLIKTE ------------------------------------------
% -------------------------------------------------------------------

@book{tanenbaum,
 author = {Attiya, Hagit and Welch, Jennifer},
 title = {Distributed Computing: Fundamentals, Simulations and Advanced Topics},
 year = {2004},
 isbn = {0471453242},
 publisher = {John Wiley \&\#38; Sons, Inc.},
 address = {USA},
} 

@article{ot_paper,
  author      = {Ellis, C. A. and Gibbs, S. J.},
  title         = {{Concurrency Control in Groupware Systems}},
  journal     = {SIGMOD Rec.},
  issue_date  = {June 1989},
  volume    = {18},
  number    = {2},
  month     = {jun},
  year        = {1989},
  issn        = {0163-5808},
  pages     = {399--407},
  numpages  = {9},
  url           = {http://doi.acm.org/10.1145/66926.66963},
  doi           = {10.1145/66926.66963},
  acmid     = {66963},
  publisher   = {ACM},
  address   = {New York, NY, USA},
}
@misc{ot,
  key       = {ot},
  title       = {Operational Transformation},
  howpublished  = {\url{https://operational-transformation.github.io}},
  note        = {Zugriff: 12.04.2018}
}
@article{ot-critic,
  author    = {Li, Du and Li, Rui},
  title     = {An Admissibility-Based Operational Transformation Framework for Collaborative Editing Systems},
  journal     = {Comput. Supported Coop. Work},
  issue_date  = {February  2010},
  volume  = {19},
  number  = {1},
  month     = {feb},
  year    = {2010},
  issn    = {0925-9724},
  pages     = {1--43},
  numpages  = {43},
  url       = {http://dx.doi.org/10.1007/s10606-009-9103-1},
  doi       = {10.1007/s10606-009-9103-1},
  acmid     = {1713726},
  publisher   = {Kluwer Academic Publishers},
  address   = {Norwell, MA, USA},
  keywords  = {CSCW, collaboration, consistency control, group editor, operational transformation},
}