%
% Einleitung
%
@misc{offlinefirst,
  key       = {offlinefirst},
  title       = {Offline First},
  howpublished  = {\url{http://offlinefirst.org/}},
  note        = {Zugriff: 12.04.2018}
}
@techreport{dev-report,
  author    ={World Bank},
  title   ={World Development Report 2016: Digital Dividends},
  institution ={International Bank for Reconstruction and Development / The World Bank},
  year    ={2016},
  type    = {Research Report},
  address ={Washington DC},
  note    ={doi: \url{doi:10.1596/978-1-4648-0671-1}}
}
%
% Grundlagen
%
@misc{fallacies,
  key       = {fallacies},
  title       = {Eight Fallacies of Distributed Computing},
  howpublished  = {\url{https://blog.fogcreek.com/eight-fallacies-of-distributed-computing-tech-talk/}},
  note        = {Zugriff: 12.04.2018}
}
% ------------------------------------------------------------------
@misc{offline_cookbook,
  key       = {offline_cookbook},
  author  = {Jake Archibald},
  year      = {2014},
  month = {December},
  title       = {The offline cookbook},
  howpublished  = {\url{https://jakearchibald.com/2014/offline-cookbook/}},
  note     = {Zugriff: 06.05.2018},
}
@article{pwa,
  journal = {Medium},
  title      = {Progressive Web Apps: Escaping Tabs Without Losing Our Soul},
  author  = {Alex Russell},
  year      = {2015},
  month   = {08},
  note      = {Zugriff: 15.04.2018},
}
%
% ------------------------------------------------------------------------------
%
@techreport{diff_sync,
  title     = {Differential Synchronization},
  author    = {Neil Fraser},
  url       = {https://neil.fraser.name/writing/sync/eng047-fraser.pdf},
  type    = {Research Report},
  pages     = {8},
  year    = {2009},
  month     = {Jan},
  keywords  = {Synchronization, Collaboration},
  pdf       = {https://neil.fraser.name/writing/sync/eng047-fraser.pdf},
}

@techreport{crdt_shapiro,
  title     = {A comprehensive study of Convergent and Commutative Replicated Data Types},
  author    = {Shapiro, Marc and Pregui{\c c}a, Nuno and Baquero, Carlos and Zawirski, Marek},
  url       = {https://hal.inria.fr/inria-00555588},
  type    = {Research Report},
  number  = {RR-7506},
  pages     = {50},
  institution = {{Inria -- Centre Paris-Rocquencourt ; INRIA}},
  year    = {2011},
  month     = {Jan},
  keywords  = {eventual consistency ; optimistic replication ; replicated data types ; distributed algorithms ; distributed systems ; Data replication ; commutative operations},
  pdf       = {https://hal.inria.fr/inria-00555588/file/techreport.pdf},
  HAL_ID    = {inria-00555588}
}
@techreport{crdt_shapiro2,
  title     = {{Conflict-free Replicated Data Types}},
  author    = {Shapiro, Marc and Pregui{\c c}a, Nuno and Baquero, Carlos and Zawirski, Marek},
  url       = {https://hal.inria.fr/inria-00609399},
  type    = {Research Report},
  number  = {RR-7687},
  pages     = {18},
  year    = {2011},
  month     = {Jul},
  keywords  = {eventual consistency ; replicated shared objects ; large-scale distributed systems},
  pdf       = {https://hal.inria.fr/inria-00609399/file/RR-7687.pdf},
  HAL_ID  = {inria-00609399},
  HAL_VERSION = {v1},
}
% ------------------------------------------------------------------------
% --- Konzepte ---------------------------------------------------
% ------------------------------------------------------------------------
@misc{realm,
  key             = {realm},
  title           = {realm -- The new standard in data synchronization},
  howpublished    = {\url{https://realm.io/}},
  note            = {Zugriff: 12.04.2018}
}
@misc{realm_conflict,
  key             = {realm_conflict},
  title           = {Conflict Resolution},
  howpublished    = {\url{https://docs.realm.io/platform/self-hosting/customize/conflict-resolution}},
  note            = {Zugriff: 06.07.2018}
}
@misc{realm_whitepaper,
  key               = {realm_whitepaper},
  title             = {BUILD BETTER APPS, FASTER WITH REALM - An Overview of the Realm Platform},
  year            = {2017},
  month         = {october},
  howpublished  = {\url{https://www2.realm.io/whitepaper/realm-overview-registration}},
  note              = {Zugriff: 12.04.2018}
}
@misc{realm_offline_whitepaper,
  key             = {realm_offline_whitepaper},
  title           = {The Offline-First Approach to Mobile App Development - Beyond Caching to a Full Data Sync Platform},
  year            = {2017},
  month         = {october},
  howpublished    = {\url{https://www2.realm.io/whitepaper/offline-first-approach-registration}},
  note            = {Zugriff: 12.04.2018}
}
@misc{webpack,
  key             = {webpack},
  title           = {webpack -- bundle your [scripts, images, styles, assets]},
  howpublished    = {\url{https://webpack.js.org/}},
  note            = {Zugriff: 12.06.2018},
}
@misc{webpack-opt,
  key             = {webpack-opt},
  title           = {Options},
  howpublished    = {\url{https://github.com/NekR/offline-plugin/blob/master/docs/options.md}},
  note            = {Zugriff: 25.06.2018},
}

@misc{webpack-gh,
  key             = {webpack-gh},
  title           = {offline-plugin},
  author        = {Arthur Stolyar},
  howpublished    = {\url{https://github.com/NekR/offline-plugin}},
  note            = {Zugriff: 12.04.2018},
}

@misc{redux,
  key           = {redux},
  title         = {Redux},
  howpublished  = {\url{https://redux.js.org/basics}},
  note          = {Zugriff: 07.06.2018}
}
@misc{redux-req,
  key           = {redux-req},
  year        = {2017},
  title         = {Redux Offline without Redux},
  howpublished  = {\url{https://github.com/redux-offline/redux-offline/issues/48}},
  note          = {Zugriff: 05.07.2018}
}
@misc{redux-offline-gh,
  key            = {redux-offline-gh},
  title          = {Redux Offline},
  howpublished   = {\url{https://github.com/redux-offline/redux-offline}},
  note           = {Zugriff: 12.04.2018}
}
@misc{redux-offline-docs,
  key            = {redux-offline-docs},
  title          = {Redux Offline Documentation},
  howpublished   = {\url{https://github.com/redux-offline/redux-offline/tree/develop/docs}},
  note           = {Zugriff: 27.06.2018}
}
@misc{redux-offline-npm,
  key            = {redux-offline-npm},
  title          = {Redux Offline Documentation},
  howpublished   = {\url{https://www.npmjs.com/package/redux-offline\#giving-up-is-hard-to-do}},
  note           = {Zugriff: 12.07.2018}
}
@misc{redux-offline-compabilaty,
  key          = {redux-offline-compabilaty},
  title        = {Redux Offline Release BREAKING: Migrate to Store Enhancer API},
  howpublished = {\url{https://github.com/redux-offline/redux-offline/releases/tag/v2.0.0}},
  note         = {Zugriff: 12.04.2018}
}
@article{redux-offline,
  key     = {redux-offline},
  journal = {HACKERnoon},
  title   = {Introducing Redux Offline: Offline-First Architecture for Progressive Web Applications and React Native},
  author  = {Jani Ev{\"a}kallado},
  year    = {2017},
  month   = {3},
  note    = {Zugriff: 12.04.2018},
}
@misc{redux-persist,
  journal = {Hawatel},
  title   = {How to persist Redux State to the Local Storage},
  author  = {Daniel Iwaniuk},
  year    = {2016},
  month   = {10},
  howpublished  = {\url{https://www.hawatel.com/blog/how-to-persist-redux-state-to-the-local-storage/}},
  note    = {Zugriff: 29.06.2018},
}
@misc{redux-persist-gh,
  key           = {redux-persist-gh},
  title           = {Redux Persist},
  howpublished  = {\url{https://github.com/rt2zz/redux-persist\#storage-engines}},
  note            = {Zugriff: 12.04.2018}
}
% -----------------------------------------------
@misc{rn,
  key           = {rn},
  author        = {Facebook Open Source},
  title         = {React Native -- Build native mobile apps using JavaScript and React},
  howpublished  = {\url{https://facebook.github.io/react-native/}},
  note          = {Zugriff: 27.06.2018}
}
@misc{rn-offline-gh,
  key           = {rn-offline-gh},
  author        = {Raúl Gómez Acuña},
  title         = {React Native Offline},
  howpublished  = {\url{https://github.com/rauliyohmc/react-native-offline}},
  note          = {Zugriff: 12.04.2018}
}
@article{rn-offline-medium,
  author  = {Raúl Gómez Acuña},
  title       = {Your React Native Offline Tool Belt},
  journal   = {Medium},
  year          = {2017},
  month   = {6},
  note      = {Zugriff: 12.04.2018}
}
%----------------
@misc{hoodie,
  key     = {hoodie},
  title       = {Hoodie -- The Offline First Backend},
  howpublished  = {\url{http://hood.ie}},
  note        = {Zugriff: 12.04.2018}
}
@misc{hoodie-how,
  key     = {hoodie-how},
  title       = {How Hoodie Works},
  howpublished  = {\url{http://docs.hood.ie/en/latest/about/how-hoodie-works.html}},
  note        = {Zugriff: 12.04.2018}
}
% -------------------------------------------------------------------
% ---- KONZEPT ---------------------------------------------
% -------------------------------------------------------------------
@misc{react,
  key     = {react},
  author={Facebook Open Source},
  title       = {React -- A JavaScript library for building user interfaces},
  howpublished  = {\url{https://reactjs.org/}},
  note        = {Zugriff: 22.06.2018}
}
@misc{create-react,
  key     = {create-react},
  author={Facebook Open Source},
  title       = {Create React App -- Create React apps with no build configuration},
  howpublished  = {\url{https://github.com/facebook/create-react-app}},
  note        = {Zugriff: 11.06.2018}
}
@misc{react-detect,
  key     = {react-detect},
  author={Chris Bolin},
  title       = {React Detect Offline -- Offline and Online components for React},
  howpublished  = {\url{https://github.com/chrisbolin/react-detect-offline}},
  note        = {Zugriff: 17.06.2018}
}
%
% Pouch API
%
@misc{pouch-create,
  key     = {pouch-create},
  title       = {API Reference -- Create/update a document},
  howpublished  = {\url{https://pouchdb.com/guides/updating-deleting.html\#why-must-we-dance-this-dance}},
  note        = {Zugriff: 24.06.2018}
}