@misc{offlinefirst,
	key					= "offlinefirst",
 	title  			= "Offline First",
 	howpublished= {\url{http://offlinefirst.org/}},
 	note   			= {Zugriff: 12.04.2018}
}

@book{gettingStartedRN,
 author 	= "Ethan Holmes and Tom Bray",
 title 		= "Getting Started with React Native -- Learn to build modern native iOS and Android applications using JavaScript and the incredible power of React",
 publisher = "Packt Publishing",
 year			= 2015,
 month   	= 12,
 address	= "Birmingham",
 isbn			= {978-1-78588-518-1}
}
@booklet{understandingFlexbox,
 author 	= "Ohans Emmanuel",
 title 		= "Understanding Flexbox -- Everything you need to know",
 howpublished= {\url{https://ohansemmanuel.github.io/uf_download.html}},
 year			= 2017
}

@techreport{diff_sync,
  TITLE = {{Differential Synchronization}},
  AUTHOR = {Neil Fraser},
  URL = {https://neil.fraser.name/writing/sync/eng047-fraser.pdf},
  TYPE = {Research Report},
  PAGES = {8},
  YEAR = {2009},
  MONTH = Jan,
  KEYWORDS = {Synchronization, Collaboration},
  PDF = {https://neil.fraser.name/writing/sync/eng047-fraser.pdf},
}

@techreport{crdt_shapiro,
  TITLE = {{A comprehensive study of Convergent and Commutative Replicated Data Types}},
  AUTHOR = {Shapiro, Marc and Pregui{\c c}a, Nuno and Baquero, Carlos and Zawirski, Marek},
  URL = {https://hal.inria.fr/inria-00555588},
  TYPE = {Research Report},
  NUMBER = {RR-7506},
  PAGES = {50},
  INSTITUTION = {{Inria -- Centre Paris-Rocquencourt ; INRIA}},
  YEAR = {2011},
  MONTH = Jan,
  KEYWORDS = {eventual consistency ; optimistic replication ; replicated data types ; distributed algorithms ; distributed systems ; Data replication ; commutative operations},
  PDF = {https://hal.inria.fr/inria-00555588/file/techreport.pdf},
  HAL_ID = {inria-00555588},
  HAL_VERSION = {v1},
}

@techreport{crdt_shapiro2,
  TITLE = {{Conflict-free Replicated Data Types}},
  AUTHOR = {Shapiro, Marc and Pregui{\c c}a, Nuno and Baquero, Carlos and Zawirski, Marek},
  URL = {https://hal.inria.fr/inria-00609399},
  TYPE = {Research Report},
  NUMBER = {RR-7687},
  PAGES = {18},
  YEAR = {2011},
  MONTH = Jul,
  KEYWORDS = {eventual consistency ; replicated shared objects ; large-scale distributed systems},
  PDF = {https://hal.inria.fr/inria-00609399/file/RR-7687.pdf},
  HAL_ID = {inria-00609399},
  HAL_VERSION = {v1},
}
@article{ot_paper,
 author = {Ellis, C. A. and Gibbs, S. J.},
 title = {Concurrency Control in Groupware Systems},
 journal = {SIGMOD Rec.},
 issue_date = {June 1989},
 volume = {18},
 number = {2},
 month = jun,
 year = {1989},
 issn = {0163-5808},
 pages = {399--407},
 numpages = {9},
 url = {http://doi.acm.org/10.1145/66926.66963},
 doi = {10.1145/66926.66963},
 acmid = {66963},
 publisher = {ACM},
 address = {New York, NY, USA},
}

@misc{ot,
	key				= "ot",
 	title  			= "Operational Transformation",
 	howpublished	= {\url{https://operational-transformation.github.io}},
 	note   			= {Zugriff: 12.04.2018}
}

@misc{hoodie,
	key				= "hoodie",
 	title  			= "Hoodie -- The Offline First Backend",
 	howpublished	= {\url{http://hood.ie}},
 	note   			= {Zugriff: 12.04.2018}
}
% Konzepte
@misc{realm,
	key				= "realm",
 	title  			= "realm -- The new standard in data scnchronization",
 	howpublished	= {\url{https://realm.io/}},
 	note   			= {Zugriff: 12.04.2018}
}

